@ARTICLE{belokurov2006,
   author = {{Belokurov}, V. and {Evans}, N.~W. and {Irwin}, M.~J. and {Hewett}, P.~C. and 
	{Wilkinson}, M.~I.},
    title = "{The Discovery of Tidal Tails around the Globular Cluster NGC 5466}",
  journal = {\apjl},
   eprint = {astro-ph/0511767},
 keywords = {Galaxy: Halo, Galaxy: Kinematics and Dynamics, Galaxy: Globular Clusters: Individual: NGC Number: NGC 5466},
     year = 2006,
    month = jan,
   volume = 637,
    pages = {L29-L32},
      doi = {10.1086/500362},
   adsurl = {http://adsabs.harvard.edu/abs/2006ApJ...637L..29B},
  adsnote = {Provided by the SAO/NASA Astrophysics Data System}
}

@ARTICLE{gj2006,
   author = {{Grillmair}, C.~J. and {Johnson}, R.},
    title = "{The Detection of a 45{\deg} Tidal Stream Associated with the Globular Cluster NGC 5466}",
  journal = {\apjl},
   eprint = {astro-ph/0602602},
 keywords = {Galaxy: Halo, Galaxy: Structure, Galaxy: Globular Clusters: General, Galaxy: Globular Clusters: Individual: NGC Number: NGC 5272, Galaxy: Globular Clusters: Individual: NGC Number: NGC 5466},
     year = 2006,
    month = mar,
   volume = 639,
    pages = {L17-L20},
      doi = {10.1086/501439},
   adsurl = {http://adsabs.harvard.edu/abs/2006ApJ...639L..17G},
  adsnote = {Provided by the SAO/NASA Astrophysics Data System}
}

@ARTICLE{hectospec,
   author = {{Fabricant}, D. and {Fata}, R. and {Roll}, J. and {Hertz}, E. and 
	{Caldwell}, N. and {Gauron}, T. and {Geary}, J. and {McLeod}, B. and 
	{Szentgyorgyi}, A. and {Zajac}, J. and {Kurtz}, M. and {Barberis}, J. and 
	{Bergner}, H. and {Brown}, W. and {Conroy}, M. and {Eng}, R. and 
	{Geller}, M. and {Goddard}, R. and {Honsa}, M. and {Mueller}, M. and 
	{Mink}, D. and {Ordway}, M. and {Tokarz}, S. and {Woods}, D. and 
	{Wyatt}, W. and {Epps}, H. and {Dell'Antonio}, I.},
    title = "{Hectospec, the MMT's 300 Optical Fiber-Fed Spectrograph}",
  journal = {\pasp},
   eprint = {astro-ph/0508554},
 keywords = {Instrumentation: Spectrographs, Techniques: Spectroscopic, Methods: Data Analysis},
     year = 2005,
    month = dec,
   volume = 117,
    pages = {1411-1434},
      doi = {10.1086/497385},
   adsurl = {http://adsabs.harvard.edu/abs/2005PASP..117.1411F},
  adsnote = {Provided by the SAO/NASA Astrophysics Data System}
}

@INPROCEEDINGS{hectoredux,
   author = {{Mink}, D.~J. and {Wyatt}, W.~F. and {Caldwell}, N. and {Conroy}, M.~A. and 
	{Furesz}, G. and {Tokarz}, S.~P.},
    title = "{Automating Reduction of Multifiber Spectra from the MMT Hectospec and Hectochelle}",
booktitle = {Astronomical Data Analysis Software and Systems XVI},
     year = 2007,
   series = {Astronomical Society of the Pacific Conference Series},
   volume = 376,
   editor = {{Shaw}, R.~A. and {Hill}, F. and {Bell}, D.~J.},
    month = oct,
    pages = {249},
   adsurl = {http://adsabs.harvard.edu/abs/2007ASPC..376..249M},
  adsnote = {Provided by the SAO/NASA Astrophysics Data System}
}

@ARTICLE{caldwell2017,
   author = {{Caldwell}, N. and {Walker}, M.~G. and {Mateo}, M. and {Olszewski}, E.~W. and 
	{Koposov}, S. and {Belokurov}, V. and {Torrealba}, G. and {Geringer-Sameth}, A. and 
	{Johnson}, C.~I.},
    title = "{Crater 2: An Extremely Cold Dark Matter Halo}",
  journal = {\apj},
archivePrefix = "arXiv",
   eprint = {1612.06398},
 keywords = {galaxies: dwarf, galaxies: individual: Crater 2, galaxies: kinematics and dynamics, Local Group, methods: data analysis, techniques: spectroscopic },
     year = 2017,
    month = apr,
   volume = 839,
      eid = {20},
    pages = {20},
      doi = {10.3847/1538-4357/aa688e},
   adsurl = {http://adsabs.harvard.edu/abs/2017ApJ...839...20C},
  adsnote = {Provided by the SAO/NASA Astrophysics Data System}
}